
<record>
  <leader>00598nz  a2200181n  4500</leader>
  <controlfield tag="001">11258545</controlfield>
  <controlfield tag="003">DLC</controlfield>
  <controlfield tag="005">20200104073112.0</controlfield>
  <controlfield tag="008">200103n| azannaabn          |a aaa     c</controlfield>
  <datafield tag="010" ind1=" " ind2=" ">
    <subfield code="a">no2020000891</subfield>
  </datafield>
  <datafield tag="035" ind1=" " ind2=" ">
    <subfield code="a">(OCoLC)oca12670312</subfield>
  </datafield>
  <datafield tag="040" ind1=" " ind2=" ">
    <subfield code="a">ICrlF</subfield>
    <subfield code="b">eng</subfield>
    <subfield code="e">rda</subfield>
    <subfield code="c">ICrlF</subfield>
  </datafield>
  <datafield tag="100" ind1="1" ind2=" ">
    <subfield code="a">Bright, Rachel.</subfield>
    <subfield code="t">Lion inside.</subfield>
    <subfield code="l">Spanish</subfield>
  </datafield>
  <datafield tag="377" ind1=" " ind2=" ">
    <subfield code="a">spa</subfield>
  </datafield>
  <datafield tag="381" ind1=" " ind2=" ">
    <subfield code="a">Gallo Krahe</subfield>
  </datafield>
  <datafield tag="400" ind1="1" ind2=" ">
    <subfield code="a">Bright, Rachel.</subfield>
    <subfield code="t">León dentro</subfield>
  </datafield>
  <datafield tag="500" ind1="1" ind2=" ">
    <subfield code="w">r</subfield>
    <subfield code="i">Translator:</subfield>
    <subfield code="a">Gallo Krahe, Elena</subfield>
  </datafield>
  <datafield tag="670" ind1=" " ind2=" ">
    <subfield code="a">Bright, Rachel. Un león dentro, 2017 :</subfield>
    <subfield code="b">page facing title page (original title: The lion inside ; translator by Elena Gallo Krahe)</subfield>
  </datafield>
</record>