
<record>
  <leader>00646nz  a2200181n  4500</leader>
  <controlfield tag="001">11258546</controlfield>
  <controlfield tag="003">DLC</controlfield>
  <controlfield tag="005">20200104073112.0</controlfield>
  <controlfield tag="008">200103n| azannaabn          |a ana     c</controlfield>
  <datafield tag="010" ind1=" " ind2=" ">
    <subfield code="a">no2020000892</subfield>
  </datafield>
  <datafield tag="035" ind1=" " ind2=" ">
    <subfield code="a">(OCoLC)oca12670313</subfield>
  </datafield>
  <datafield tag="040" ind1=" " ind2=" ">
    <subfield code="a">DHMM</subfield>
    <subfield code="b">eng</subfield>
    <subfield code="e">rda</subfield>
    <subfield code="c">DHMM</subfield>
  </datafield>
  <datafield tag="151" ind1=" " ind2=" ">
    <subfield code="a">Appenweier (Germany)</subfield>
  </datafield>
  <datafield tag="451" ind1=" " ind2=" ">
    <subfield code="a">Appenweir (Germany)</subfield>
  </datafield>
  <datafield tag="670" ind1=" " ind2=" ">
    <subfield code="a">US Holocaust Memorial Museum catalog, 3 January 2020</subfield>
    <subfield code="b">(Appenweier (Germany))</subfield>
  </datafield>
  <datafield tag="670" ind1=" " ind2=" ">
    <subfield code="a">GEOnet, 3 January 2020</subfield>
    <subfield code="b">(Appenweier; PPL, 48°32ʹ17ʺN, 007°58ʹ54ʺE; Baden-Württemberg, Germany; variant: Appenweir)</subfield>
  </datafield>
  <datafield tag="670" ind1=" " ind2=" ">
    <subfield code="a">https://www.appenweier.de/, 3 January 2020</subfield>
  </datafield>
  <datafield tag="781" ind1=" " ind2="0">
    <subfield code="z">Germany</subfield>
    <subfield code="z">Appenweier</subfield>
  </datafield>
</record>