
<record>
  <leader>00739nz  a2200193n  4500</leader>
  <controlfield tag="001">11258552</controlfield>
  <controlfield tag="003">DLC</controlfield>
  <controlfield tag="005">20200104073112.0</controlfield>
  <controlfield tag="008">200103n| azannaabn          |a aaa     c</controlfield>
  <datafield tag="010" ind1=" " ind2=" ">
    <subfield code="a">no2020000902</subfield>
  </datafield>
  <datafield tag="035" ind1=" " ind2=" ">
    <subfield code="a">(OCoLC)oca12670323</subfield>
  </datafield>
  <datafield tag="040" ind1=" " ind2=" ">
    <subfield code="a">ICrlF</subfield>
    <subfield code="b">eng</subfield>
    <subfield code="e">rda</subfield>
    <subfield code="c">ICrlF</subfield>
  </datafield>
  <datafield tag="046" ind1=" " ind2=" ">
    <subfield code="k">2018</subfield>
    <subfield code="2">edtf</subfield>
  </datafield>
  <datafield tag="100" ind1="1" ind2=" ">
    <subfield code="a">Grimmelshausen, Hans Jakob Christoph von,</subfield>
    <subfield code="d">1625-1676.</subfield>
    <subfield code="t">Simplicissimus.</subfield>
    <subfield code="l">English</subfield>
    <subfield code="s">(Underwood)</subfield>
  </datafield>
  <datafield tag="377" ind1=" " ind2=" ">
    <subfield code="a">eng</subfield>
  </datafield>
  <datafield tag="381" ind1=" " ind2=" ">
    <subfield code="a">Underwood</subfield>
  </datafield>
  <datafield tag="400" ind1="1" ind2=" ">
    <subfield code="a">Grimmelshausen, Hans Jakob Christoph von,</subfield>
    <subfield code="d">1625-1676.</subfield>
    <subfield code="t">Adventures of Simplicius Simplicissimus</subfield>
  </datafield>
  <datafield tag="670" ind1=" " ind2=" ">
    <subfield code="a">Grimmelshausen, Hans Jakob Christoph von. The adventures of Simplicius Simplicissimus, 2018 :</subfield>
    <subfield code="b">t.p. (translated by J.A. Underwood</subfield>
  </datafield>
  <datafield tag="670" ind1=" " ind2=" ">
    <subfield code="a">OCLC Jan. 3, 2020</subfield>
    <subfield code="b">(Simplicissimus)</subfield>
  </datafield>
</record>