
<record>
  <leader>00470nz  a2200157n  4500</leader>
  <controlfield tag="001">11258553</controlfield>
  <controlfield tag="003">DLC</controlfield>
  <controlfield tag="005">20200104073112.0</controlfield>
  <controlfield tag="008">200103n| azannaabn          |a aaa     c</controlfield>
  <datafield tag="010" ind1=" " ind2=" ">
    <subfield code="a">no2020000903</subfield>
  </datafield>
  <datafield tag="035" ind1=" " ind2=" ">
    <subfield code="a">(OCoLC)oca12670324</subfield>
  </datafield>
  <datafield tag="040" ind1=" " ind2=" ">
    <subfield code="a">ICrlF</subfield>
    <subfield code="b">eng</subfield>
    <subfield code="e">rda</subfield>
    <subfield code="c">ICrlF</subfield>
  </datafield>
  <datafield tag="100" ind1="0" ind2=" ">
    <subfield code="a">Orbie,</subfield>
    <subfield code="d">1984-</subfield>
    <subfield code="t">Corde à linge.</subfield>
    <subfield code="l">English</subfield>
  </datafield>
  <datafield tag="377" ind1=" " ind2=" ">
    <subfield code="a">eng</subfield>
  </datafield>
  <datafield tag="400" ind1="0" ind2=" ">
    <subfield code="a">Orbie,</subfield>
    <subfield code="d">1984-</subfield>
    <subfield code="t">Clothesline</subfield>
  </datafield>
  <datafield tag="670" ind1=" " ind2=" ">
    <subfield code="a">Orbie. The clothesline, 2019 :</subfield>
    <subfield code="b">title page verso (original title: La corde à linge)</subfield>
  </datafield>
</record>