
<record>
  <leader>00787nz  a2200169n  4500</leader>
  <controlfield tag="001">11258554</controlfield>
  <controlfield tag="003">DLC</controlfield>
  <controlfield tag="005">20200104073113.0</controlfield>
  <controlfield tag="008">200103n| azannaabn          |n ana     c</controlfield>
  <datafield tag="010" ind1=" " ind2=" ">
    <subfield code="a">no2020000904</subfield>
  </datafield>
  <datafield tag="035" ind1=" " ind2=" ">
    <subfield code="a">(OCoLC)oca12670325</subfield>
  </datafield>
  <datafield tag="040" ind1=" " ind2=" ">
    <subfield code="a">IEN</subfield>
    <subfield code="b">eng</subfield>
    <subfield code="e">rda</subfield>
    <subfield code="c">IEN</subfield>
  </datafield>
  <datafield tag="046" ind1=" " ind2=" ">
    <subfield code="s">1989-03-30</subfield>
    <subfield code="t">2005-12</subfield>
    <subfield code="2">edtf</subfield>
  </datafield>
  <datafield tag="110" ind1="2" ind2=" ">
    <subfield code="a">Trans International Bank</subfield>
  </datafield>
  <datafield tag="370" ind1=" " ind2=" ">
    <subfield code="e">Ibadan (Nigeria)</subfield>
    <subfield code="2">naf</subfield>
  </datafield>
  <datafield tag="670" ind1=" " ind2=" ">
    <subfield code="a">Trans International Bank. Annual report and accounts, 1990:</subfield>
    <subfield code="b">title page (Trans International Bank PLC) page 4 (commenced commercial banking operations on 30 March 1989) page 3 of cover (head office in Ibadan)</subfield>
  </datafield>
  <datafield tag="670" ind1=" " ind2=" ">
    <subfield code="a">Wikipedia, January 3, 2020:</subfield>
    <subfield code="b">Spring Bank page (Spring Bank was formed in December 2005 by the merger of six Nigerian financial institutions, including Trans International Bank Plc)</subfield>
  </datafield>
</record>