
<record>
  <leader>00607nz  a2200145n  4500</leader>
  <controlfield tag="001">11258556</controlfield>
  <controlfield tag="003">DLC</controlfield>
  <controlfield tag="005">20200104073113.0</controlfield>
  <controlfield tag="008">200103n| azannaabn          |n aaa     c</controlfield>
  <datafield tag="010" ind1=" " ind2=" ">
    <subfield code="a">no2020000912</subfield>
  </datafield>
  <datafield tag="035" ind1=" " ind2=" ">
    <subfield code="a">(OCoLC)oca12670333</subfield>
  </datafield>
  <datafield tag="040" ind1=" " ind2=" ">
    <subfield code="a">Az</subfield>
    <subfield code="b">eng</subfield>
    <subfield code="e">rda</subfield>
    <subfield code="c">Az</subfield>
  </datafield>
  <datafield tag="100" ind1="1" ind2=" ">
    <subfield code="a">Fiske, Shirley A.</subfield>
  </datafield>
  <datafield tag="670" ind1=" " ind2=" ">
    <subfield code="a">Grant, Raymond W. Minerals and gems of Arizona, 2019:</subfield>
    <subfield code="b">title frame (Camera: Steve Kaminski, Shirley Fiske; Editor: Shirley Fiske; Provided by the Mineralogical Society of Arizona)</subfield>
  </datafield>
  <datafield tag="670" ind1=" " ind2=" ">
    <subfield code="a">Email from Shirley Fiske, December 28, 2019:</subfield>
    <subfield code="b">(Shirley Ann Fiske, DO; Sun City West, AZ  85375; birthdate  05-15-1951)</subfield>
  </datafield>
</record>