
<record>
  <leader>00778nz  a2200133n  4500</leader>
  <controlfield tag="001">11258559</controlfield>
  <controlfield tag="003">DLC</controlfield>
  <controlfield tag="005">20200104073113.0</controlfield>
  <controlfield tag="008">200103n| azannaabn          |n aaa     c</controlfield>
  <datafield tag="010" ind1=" " ind2=" ">
    <subfield code="a">no2020000922</subfield>
  </datafield>
  <datafield tag="035" ind1=" " ind2=" ">
    <subfield code="a">(OCoLC)oca12670343</subfield>
  </datafield>
  <datafield tag="040" ind1=" " ind2=" ">
    <subfield code="a">CaBVa</subfield>
    <subfield code="b">eng</subfield>
    <subfield code="e">rda</subfield>
    <subfield code="c">CaBVa</subfield>
  </datafield>
  <datafield tag="100" ind1="1" ind2=" ">
    <subfield code="a">Adachi, Erinne Sevigny</subfield>
  </datafield>
  <datafield tag="670" ind1=" " ind2=" ">
    <subfield code="a">Mensing-de Jong, Angela. Polepole, 2019:</subfield>
    <subfield code="b">title page (Erinne Sevigny Adachi) cover flap (Erinne Sevigny Adachi has a degree in professional writing from MacEwan University and a postgraduate certificate in book publishing from Humber College; works as a book designer and publishing consultant under the banner of Pencil Consult; an Albertan mix of French-Canadian and Metis heritage; a direct descendant of Jasper Haws (of Jasper National Park); lives in Edmonton, Alberta)</subfield>
  </datafield>
</record>