
<record>
  <leader>02286nz  a2200205n  4500</leader>
  <controlfield tag="001">11258563</controlfield>
  <controlfield tag="003">DLC</controlfield>
  <controlfield tag="005">20200104073114.0</controlfield>
  <controlfield tag="008">200103n| azannaabn          |n aaa     c</controlfield>
  <datafield tag="010" ind1=" " ind2=" ">
    <subfield code="a">no2020000941</subfield>
  </datafield>
  <datafield tag="035" ind1=" " ind2=" ">
    <subfield code="a">(OCoLC)oca12670362</subfield>
  </datafield>
  <datafield tag="040" ind1=" " ind2=" ">
    <subfield code="a">WMM</subfield>
    <subfield code="b">eng</subfield>
    <subfield code="e">rda</subfield>
    <subfield code="c">WMM</subfield>
  </datafield>
  <datafield tag="100" ind1="1" ind2=" ">
    <subfield code="a">Zverovich, Vadim</subfield>
  </datafield>
  <datafield tag="373" ind1=" " ind2=" ">
    <subfield code="a">University of the West of England, Bristol</subfield>
    <subfield code="2">naf</subfield>
  </datafield>
  <datafield tag="375" ind1=" " ind2=" ">
    <subfield code="a">Males</subfield>
    <subfield code="2">lcdgt</subfield>
  </datafield>
  <datafield tag="377" ind1=" " ind2=" ">
    <subfield code="a">eng</subfield>
  </datafield>
  <datafield tag="670" ind1=" " ind2=" ">
    <subfield code="a">Zverovich, Vadim. Research topics in graph theory and its applications, 2019:</subfield>
    <subfield code="b">title page (by Vadim Zverovich) cover page 4 (M.Sc., Ph.D., is the Head of the Research Group in Mathematics and its Applications at the University of the West of England. An accomplished researcher, he is also a Fellow of the United Kingdom Operational Research Society, and was previously a Fellow of the prestigious Alexander von Humboldt Foundation in Germany. In 2016, he was awarded Higher Education Academy fellowship status, and, in 2017, the Faculty of Environment and Technology of the University of the West of England named him its researcher of the year. His research interests include graph theory and its applications, networks, probabilistic methods, combinatorial optimisation and emergency responses. With 30 years of research experience, he has published over 60 papers and established an internationally recognised academic track record in the mathematical sciences covering both theoretical and applied aspects)</subfield>
  </datafield>
  <datafield tag="670" ind1=" " ind2=" ">
    <subfield code="a">University of the West of England, Bristol website, viewed November 21, 2019:</subfield>
    <subfield code="b">People (Dr. Vadim Zverovich; Senior Lecturer in Operational Research; M.Sc. (1989), Ph.D. (1993), Docent (2000). Areas of expertise: graph theory and its applications, for example: sensor networks and transport networks, probabilistic methods, combinatorics and combinatorial optimisation, decision making techniques)</subfield>
    <subfield code="u">https://people.uwe.ac.uk/Person/VadimZverovich</subfield>
  </datafield>
  <datafield tag="670" ind1=" " ind2=" ">
    <subfield code="a">Semantic Scholar, viewed November 21, 2019</subfield>
    <subfield code="b">(Vadim Zverovich; list includes articles by Vadim Zverovich and Vadim E. Zverovich, and, in both cases, they list his affiliation with the University of the West of England)</subfield>
    <subfield code="u">https://www.semanticscholar.org/search?q=vadim%20zverovich&amp;sort=relevance</subfield>
  </datafield>
  <datafield tag="670" ind1=" " ind2=" ">
    <subfield code="a">OCLC, viewed November 21, 2019</subfield>
    <subfield code="b">(headings: Zverovich, Vadim; Zverovich, Vadim E.)</subfield>
  </datafield>
</record>