
<record>
  <leader>01103nz  a2200181n  4500</leader>
  <controlfield tag="001">11258565</controlfield>
  <controlfield tag="003">DLC</controlfield>
  <controlfield tag="005">20200104073114.0</controlfield>
  <controlfield tag="008">200103n| azannaabn          |n ana     c</controlfield>
  <datafield tag="010" ind1=" " ind2=" ">
    <subfield code="a">no2020000952</subfield>
  </datafield>
  <datafield tag="035" ind1=" " ind2=" ">
    <subfield code="a">(OCoLC)oca12670373</subfield>
  </datafield>
  <datafield tag="040" ind1=" " ind2=" ">
    <subfield code="a">DHMM</subfield>
    <subfield code="b">eng</subfield>
    <subfield code="e">rda</subfield>
    <subfield code="c">DHMM</subfield>
  </datafield>
  <datafield tag="046" ind1=" " ind2=" ">
    <subfield code="s">19460531</subfield>
    <subfield code="2">edtf</subfield>
  </datafield>
  <datafield tag="110" ind1="2" ind2=" ">
    <subfield code="a">Polski Związek byłych Więźniów Politycznych Hitlerowskich Więzień i Obozów Koncentracyjnych</subfield>
  </datafield>
  <datafield tag="368" ind1=" " ind2=" ">
    <subfield code="a">Associations, institutions, etc.</subfield>
    <subfield code="2">lcsh</subfield>
  </datafield>
  <datafield tag="372" ind1=" " ind2=" ">
    <subfield code="a">Ex-concentration camp inmates</subfield>
    <subfield code="2">lcsh</subfield>
  </datafield>
  <datafield tag="670" ind1=" " ind2=" ">
    <subfield code="a">Ciernista droga, 1947:</subfield>
    <subfield code="b">page 32 (Polski Związek byłych Więźniów Politycznych Hitlerowskich Więzień i Obozów Koncentracyjnych)</subfield>
  </datafield>
  <datafield tag="670" ind1=" " ind2=" ">
    <subfield code="a">Polski Związek byłych Więźniów Politycznych Hitlerowskich Więzień i Obozów Koncentracyjnych website, viewed Nov. 20, 2019:</subfield>
    <subfield code="b">(organization of former Polish political prisoners of German Nazi concentration camps, prisons, and other places of confinement during World War II; officialy registered in Warsaw, 31 May 1946; organization dissolved August 31, 1949; re-registered January11, 1990)</subfield>
    <subfield code="u">http://pzbwok.pl/</subfield>
  </datafield>
</record>