
<record>
  <leader>01395nz  a2200193n  4500</leader>
  <controlfield tag="001">11258566</controlfield>
  <controlfield tag="003">DLC</controlfield>
  <controlfield tag="005">20200104073114.0</controlfield>
  <controlfield tag="008">200103n| azannaabn          |a ana     c</controlfield>
  <datafield tag="010" ind1=" " ind2=" ">
    <subfield code="a">no2020000953</subfield>
  </datafield>
  <datafield tag="035" ind1=" " ind2=" ">
    <subfield code="a">(OCoLC)oca12670374</subfield>
  </datafield>
  <datafield tag="040" ind1=" " ind2=" ">
    <subfield code="a">ABAU</subfield>
    <subfield code="b">eng</subfield>
    <subfield code="e">rda</subfield>
    <subfield code="c">ABAU</subfield>
  </datafield>
  <datafield tag="110" ind1="2" ind2=" ">
    <subfield code="a">National Research Council (U.S.).</subfield>
    <subfield code="b">Transportation Research Board.</subfield>
    <subfield code="b">Committee on Strength and Deformation Characteristics of Pavement Sections</subfield>
  </datafield>
  <datafield tag="368" ind1=" " ind2=" ">
    <subfield code="a">Committees</subfield>
    <subfield code="2">lcsh</subfield>
  </datafield>
  <datafield tag="370" ind1=" " ind2=" ">
    <subfield code="e">Washington, D.C.</subfield>
    <subfield code="2">naf</subfield>
  </datafield>
  <datafield tag="372" ind1=" " ind2=" ">
    <subfield code="a">Pavements--Materials--Dynamic testing--Research</subfield>
    <subfield code="a">Strength of materials--Testing--Research</subfield>
    <subfield code="a">Deformations (Mechanics)--Research</subfield>
    <subfield code="2">lcsh</subfield>
  </datafield>
  <datafield tag="410" ind1="2" ind2=" ">
    <subfield code="a">National Research Council (U.S.).</subfield>
    <subfield code="b">Transportation Research Board.</subfield>
    <subfield code="b">Soil Mechanics Section.</subfield>
    <subfield code="b">Committee on Strength and Deformation Characteristics of Pavement Sections</subfield>
  </datafield>
  <datafield tag="510" ind1="2" ind2=" ">
    <subfield code="w">r</subfield>
    <subfield code="i">Hierarchical superior:</subfield>
    <subfield code="a">National Research Council (U.S.).</subfield>
    <subfield code="b">Transportation Research Board.</subfield>
    <subfield code="b">Soil Mechanics Section</subfield>
  </datafield>
  <datafield tag="670" ind1=" " ind2=" ">
    <subfield code="a">Its Test procedures for characterizing dynamic stress-strain properties of pavement materials, 1975:</subfield>
    <subfield code="b">foreword ( ... This report was written as a part of the activities of the Transportation Research Board&apos;s Committee on Strength and Deformation Characteristics of Pavement Sections ... ) page 40 (Sponsorship of this special report ... Soil Mechanics Section ... Committee on Strength and Deformation Characteristics of Pavement Sections)</subfield>
  </datafield>
</record>