
<record>
  <leader>01094nz  a2200229n  4500</leader>
  <controlfield tag="001">11258567</controlfield>
  <controlfield tag="003">DLC</controlfield>
  <controlfield tag="005">20200104073114.0</controlfield>
  <controlfield tag="008">200103n| azannaabn          |a aaa     c</controlfield>
  <datafield tag="010" ind1=" " ind2=" ">
    <subfield code="a">no2020000954</subfield>
  </datafield>
  <datafield tag="035" ind1=" " ind2=" ">
    <subfield code="a">(OCoLC)oca12670375</subfield>
  </datafield>
  <datafield tag="040" ind1=" " ind2=" ">
    <subfield code="a">CSdS</subfield>
    <subfield code="b">eng</subfield>
    <subfield code="e">rda</subfield>
    <subfield code="c">CSdS</subfield>
  </datafield>
  <datafield tag="046" ind1=" " ind2=" ">
    <subfield code="f">1892-07-02</subfield>
    <subfield code="g">1976</subfield>
    <subfield code="2">edtf</subfield>
  </datafield>
  <datafield tag="100" ind1="1" ind2=" ">
    <subfield code="a">Totterdell, G. H.</subfield>
    <subfield code="q">(George Henry),</subfield>
    <subfield code="d">1892-1976</subfield>
  </datafield>
  <datafield tag="370" ind1=" " ind2=" ">
    <subfield code="a">Eastwood (Nottinghamshire, England)</subfield>
    <subfield code="f">Essex (England)</subfield>
    <subfield code="2">naf</subfield>
  </datafield>
  <datafield tag="372" ind1=" " ind2=" ">
    <subfield code="a">Law enforcement</subfield>
    <subfield code="a">Criminal investigation</subfield>
    <subfield code="2">lcsh</subfield>
  </datafield>
  <datafield tag="374" ind1=" " ind2=" ">
    <subfield code="a">Police</subfield>
    <subfield code="a">Detectives</subfield>
    <subfield code="2">lcsh</subfield>
  </datafield>
  <datafield tag="375" ind1=" " ind2=" ">
    <subfield code="a">Males</subfield>
    <subfield code="2">lcdgt</subfield>
  </datafield>
  <datafield tag="400" ind1="1" ind2=" ">
    <subfield code="w">nne</subfield>
    <subfield code="a">Totterdell, George Henry,</subfield>
    <subfield code="d">1892-</subfield>
  </datafield>
  <datafield tag="670" ind1=" " ind2=" ">
    <subfield code="a">Country copper, [1956]:</subfield>
    <subfield code="b">title page (Superintendant G.H. Totterdell, C.I.D., of the Essex County Police) page 9 (born July 2, 1892 in Eastwood, Essex, England)</subfield>
  </datafield>
  <datafield tag="670" ind1=" " ind2=" ">
    <subfield code="a">LC catalog, 12-09-2019</subfield>
    <subfield code="b">(Totterdell, George Henry, 1892- ; usage: G.H. Totterdell)</subfield>
  </datafield>
  <datafield tag="670" ind1=" " ind2=" ">
    <subfield code="a">Chelmsford War Memorial website, 12-09-2019</subfield>
    <subfield code="b">(under Second World War: Ronald Gordon TOTTERDELL: &quot;Ronald was born in 1921 in Essex, the second son of George Henry Rookwood Totterdell (1892-1976)&quot;)</subfield>
  </datafield>
</record>