
<record>
  <leader>00915nz  a2200205n  4500</leader>
  <controlfield tag="001">11258568</controlfield>
  <controlfield tag="003">DLC</controlfield>
  <controlfield tag="005">20200104073114.0</controlfield>
  <controlfield tag="008">200103n| azannaabn          |a aaa     c</controlfield>
  <datafield tag="010" ind1=" " ind2=" ">
    <subfield code="a">no2020000955</subfield>
  </datafield>
  <datafield tag="035" ind1=" " ind2=" ">
    <subfield code="a">(OCoLC)oca12670376</subfield>
  </datafield>
  <datafield tag="040" ind1=" " ind2=" ">
    <subfield code="a">UPB</subfield>
    <subfield code="b">eng</subfield>
    <subfield code="e">rda</subfield>
    <subfield code="c">UPB</subfield>
  </datafield>
  <datafield tag="046" ind1=" " ind2=" ">
    <subfield code="f">1769</subfield>
    <subfield code="g">1859</subfield>
    <subfield code="2">edtf</subfield>
  </datafield>
  <datafield tag="100" ind1="1" ind2=" ">
    <subfield code="a">Ninfield,</subfield>
    <subfield code="d">1769-1859</subfield>
  </datafield>
  <datafield tag="374" ind1=" " ind2=" ">
    <subfield code="a">Poets</subfield>
    <subfield code="a">Clergy</subfield>
    <subfield code="2">lcsh</subfield>
  </datafield>
  <datafield tag="375" ind1=" " ind2=" ">
    <subfield code="a">Males</subfield>
    <subfield code="2">lcdgt</subfield>
  </datafield>
  <datafield tag="377" ind1=" " ind2=" ">
    <subfield code="a">eng</subfield>
  </datafield>
  <datafield tag="500" ind1="1" ind2=" ">
    <subfield code="w">r</subfield>
    <subfield code="i">Real identity:</subfield>
    <subfield code="a">Sharpe, John,</subfield>
    <subfield code="d">1769-1859</subfield>
  </datafield>
  <datafield tag="670" ind1=" " ind2=" ">
    <subfield code="a">Gentleman&apos;s magazine, 1796:</subfield>
    <subfield code="b">volume 66 (August), page 684 (Elegy on the death of R. Burns, the Ayrshire plowman, [by] Ninfield)</subfield>
  </datafield>
  <datafield tag="670" ind1=" " ind2=" ">
    <subfield code="a">ANQ, 2013:</subfield>
    <subfield code="b">volume 26, number 1, pages 20-23 (Identifying &quot;Ninfield&quot;: the contributions of John Sharpe to the Gentleman&apos;s magazine, 1795-98, [by] Emily Lorraine de Montluzin; Rev. John Sharp, 1769-1860, amateur poet who used the pseudonym Ninfield; rector of Castle Eaton and curate of Ninfield)</subfield>
  </datafield>
</record>