
<record>
  <leader>00499nz  a2200145n  4500</leader>
  <controlfield tag="001">11258569</controlfield>
  <controlfield tag="003">DLC</controlfield>
  <controlfield tag="005">20200104073115.0</controlfield>
  <controlfield tag="008">200103n| azannaabn          |a aaa     c</controlfield>
  <datafield tag="010" ind1=" " ind2=" ">
    <subfield code="a">no2020000961</subfield>
  </datafield>
  <datafield tag="035" ind1=" " ind2=" ">
    <subfield code="a">(OCoLC)oca12670382</subfield>
  </datafield>
  <datafield tag="040" ind1=" " ind2=" ">
    <subfield code="a">DGU</subfield>
    <subfield code="b">eng</subfield>
    <subfield code="e">rda</subfield>
    <subfield code="c">DGU</subfield>
  </datafield>
  <datafield tag="100" ind1="1" ind2=" ">
    <subfield code="a">Mistral, Gabriela,</subfield>
    <subfield code="d">1889-1957.</subfield>
    <subfield code="t">Desolación.</subfield>
    <subfield code="k">Selections (Espinosa)</subfield>
  </datafield>
  <datafield tag="500" ind1="1" ind2=" ">
    <subfield code="w">r</subfield>
    <subfield code="i">Editor:</subfield>
    <subfield code="a">Espinosa V., Ismael</subfield>
    <subfield code="q">(Espinosa Vargas)</subfield>
  </datafield>
  <datafield tag="670" ind1=" " ind2=" ">
    <subfield code="a">Desolación, 1994:</subfield>
    <subfield code="b">title page (Desolación : diez poemas / Ismael Espinosa, editor)</subfield>
  </datafield>
</record>