
<record>
  <leader>00886nz  a2200205n  4500</leader>
  <controlfield tag="001">11258575</controlfield>
  <controlfield tag="003">DLC</controlfield>
  <controlfield tag="005">20200104073115.0</controlfield>
  <controlfield tag="008">200103n| azannaabn          |n aaa     c</controlfield>
  <datafield tag="010" ind1=" " ind2=" ">
    <subfield code="a">no2020000984</subfield>
  </datafield>
  <datafield tag="035" ind1=" " ind2=" ">
    <subfield code="a">(OCoLC)oca12670405</subfield>
  </datafield>
  <datafield tag="040" ind1=" " ind2=" ">
    <subfield code="a">UPB</subfield>
    <subfield code="b">eng</subfield>
    <subfield code="e">rda</subfield>
    <subfield code="c">UPB</subfield>
  </datafield>
  <datafield tag="046" ind1=" " ind2=" ">
    <subfield code="f">1979</subfield>
    <subfield code="2">edtf</subfield>
  </datafield>
  <datafield tag="053" ind1=" " ind2="4">
    <subfield code="a">PQ7499.3.L685</subfield>
    <subfield code="5">UPB</subfield>
  </datafield>
  <datafield tag="100" ind1="1" ind2=" ">
    <subfield code="a">Loukota, Adelaida,</subfield>
    <subfield code="d">1979-</subfield>
  </datafield>
  <datafield tag="370" ind1=" " ind2=" ">
    <subfield code="a">Guatemala (Guatemala)</subfield>
    <subfield code="2">naf</subfield>
  </datafield>
  <datafield tag="374" ind1=" " ind2=" ">
    <subfield code="a">Authors</subfield>
    <subfield code="2">lcsh</subfield>
  </datafield>
  <datafield tag="375" ind1=" " ind2=" ">
    <subfield code="a">Females</subfield>
    <subfield code="2">lcdgt</subfield>
  </datafield>
  <datafield tag="377" ind1=" " ind2=" ">
    <subfield code="a">spa</subfield>
  </datafield>
  <datafield tag="670" ind1=" " ind2=" ">
    <subfield code="a">Loukota, Adelaida. Algo que le pasa a otras personas, 2018:</subfield>
    <subfield code="b">title page (Adelaida Loukota) front flap (Adelaida Loukota; born 1979 in Guatemala City; writer; has published the books Inconclusiones (Edición de autor, 2000), Amalia ya no está (Incubus, 2001), Callecorreos [cowritten with Mynor González] (Zoomsuperestudio, 2002) and Historia de un caballero y una no princesa (LoQueLeo, 2017)</subfield>
  </datafield>
</record>