
<record>
  <leader>01035nz  a2200133n  4500</leader>
  <controlfield tag="001">11258576</controlfield>
  <controlfield tag="003">DLC</controlfield>
  <controlfield tag="005">20200104073115.0</controlfield>
  <controlfield tag="008">200103n| azannaabn          |n aaa     c</controlfield>
  <datafield tag="010" ind1=" " ind2=" ">
    <subfield code="a">no2020000991</subfield>
  </datafield>
  <datafield tag="035" ind1=" " ind2=" ">
    <subfield code="a">(OCoLC)oca12670412</subfield>
  </datafield>
  <datafield tag="040" ind1=" " ind2=" ">
    <subfield code="a">CaBVa</subfield>
    <subfield code="b">eng</subfield>
    <subfield code="e">rda</subfield>
    <subfield code="c">CaBVa</subfield>
  </datafield>
  <datafield tag="100" ind1="1" ind2=" ">
    <subfield code="a">Forsyth, Scott</subfield>
  </datafield>
  <datafield tag="670" ind1=" " ind2=" ">
    <subfield code="a">The wild coasts of Canada, 2019:</subfield>
    <subfield code="b">title page (photographs and text by Scott Forsyth) about the author (Scott Forsyth is a professional photographer specializing in the Canadian landscape; staff photographer and expedition team member for Adventure Canada and Maple Leaf Adventures; a fellowship in the Royal Canadian Geographical Society and the Explorers Club, and serving as a Canadian Geographical Photographer in Residence; works as a family physician in Calgary, Alberta; a civil aviation medical examiner for the federal Ministry of Transport and as a clinical lecturer in the Department of Family Medicine at the University of Calgary; has served as chair of the board of directors for the Calgary West Central Primary Care Network)</subfield>
  </datafield>
</record>