
<record>
  <leader>00625nz  a2200157n  4500</leader>
  <controlfield tag="001">11258578</controlfield>
  <controlfield tag="003">DLC</controlfield>
  <controlfield tag="005">20200104081424.0</controlfield>
  <controlfield tag="008">200104n| azannaabn          |a aaa      </controlfield>
  <datafield tag="010" ind1=" " ind2=" ">
    <subfield code="a">n 2020000409</subfield>
  </datafield>
  <datafield tag="040" ind1=" " ind2=" ">
    <subfield code="a">DLC</subfield>
    <subfield code="b">eng</subfield>
    <subfield code="e">rda</subfield>
    <subfield code="c">DLC</subfield>
  </datafield>
  <datafield tag="100" ind1="1" ind2=" ">
    <subfield code="a">Balsan, Elodie,</subfield>
    <subfield code="d">1810-1893</subfield>
  </datafield>
  <datafield tag="400" ind1="1" ind2=" ">
    <subfield code="a">Martin, Elodie,</subfield>
    <subfield code="d">1810-1893</subfield>
  </datafield>
  <datafield tag="400" ind1="1" ind2=" ">
    <subfield code="a">Balsan, Madame Pierre,</subfield>
    <subfield code="d">1810-1893</subfield>
  </datafield>
  <datafield tag="670" ind1=" " ind2=" ">
    <subfield code="a">Souvenirs de madame Pierre Balsan (1810-1870), 2017:</subfield>
    <subfield code="b">p. 9 (Elodie Martin (1810-1893), wife of Pierre Balsan) p. 15 (b. Elodie Marie Marguerite Martin, b. Dec. 15, 1810; d. Apr. 5, 1893)</subfield>
  </datafield>
  <datafield tag="670" ind1=" " ind2=" ">
    <subfield code="a">Bib. nat., Jan. 4, 2020</subfield>
    <subfield code="b">(Balsan, Madame Pierre (1810-1893))</subfield>
  </datafield>
</record>