
<record>
  <leader>00363nz  a2200121n  4500</leader>
  <controlfield tag="001">11258579</controlfield>
  <controlfield tag="003">DLC</controlfield>
  <controlfield tag="005">20200104090955.0</controlfield>
  <controlfield tag="008">200104n| azannaabn          |n aaa      </controlfield>
  <datafield tag="010" ind1=" " ind2=" ">
    <subfield code="a">n 2020000410</subfield>
  </datafield>
  <datafield tag="040" ind1=" " ind2=" ">
    <subfield code="a">DLC</subfield>
    <subfield code="b">eng</subfield>
    <subfield code="e">rda</subfield>
    <subfield code="c">DLC</subfield>
  </datafield>
  <datafield tag="100" ind1="1" ind2=" ">
    <subfield code="a">Moncond&apos;huy, Léonore</subfield>
  </datafield>
  <datafield tag="670" ind1=" " ind2=" ">
    <subfield code="a">Le service civique, dernier rempart de la République?, 2017:</subfield>
    <subfield code="b">title page (Léonore Moncond&apos;huy)</subfield>
  </datafield>
</record>