
<record>
  <leader>00471nz  a2200133n  4500</leader>
  <controlfield tag="001">11258581</controlfield>
  <controlfield tag="003">DLC</controlfield>
  <controlfield tag="005">20200104123854.0</controlfield>
  <controlfield tag="008">200104n| azannaabn          |a aaa      </controlfield>
  <datafield tag="010" ind1=" " ind2=" ">
    <subfield code="a">n 2020000412</subfield>
  </datafield>
  <datafield tag="040" ind1=" " ind2=" ">
    <subfield code="a">DLC</subfield>
    <subfield code="b">eng</subfield>
    <subfield code="e">rda</subfield>
    <subfield code="c">DLC</subfield>
  </datafield>
  <datafield tag="100" ind1="1" ind2=" ">
    <subfield code="a">Bradley, Mary E.</subfield>
    <subfield code="q">(Mary Emily),</subfield>
    <subfield code="d">1835-1898.</subfield>
    <subfield code="t">Short stories.</subfield>
    <subfield code="k">Selections</subfield>
  </datafield>
  <datafield tag="400" ind1="1" ind2=" ">
    <subfield code="a">Bradley, Mary E.</subfield>
    <subfield code="q">(Mary Emily),</subfield>
    <subfield code="d">1835-1898.</subfield>
    <subfield code="t">Arthur and other stories, in prose and verse</subfield>
  </datafield>
  <datafield tag="670" ind1=" " ind2=" ">
    <subfield code="a">Arthur and other stories, in prose and verse, 1860.</subfield>
  </datafield>
</record>