
<record>
  <leader>00392nz  a2200133n  4500</leader>
  <controlfield tag="001">11258582</controlfield>
  <controlfield tag="003">DLC</controlfield>
  <controlfield tag="005">20200104132731.0</controlfield>
  <controlfield tag="008">200104n| azannaabn          |a aaa      </controlfield>
  <datafield tag="010" ind1=" " ind2=" ">
    <subfield code="a">n 2020000413</subfield>
  </datafield>
  <datafield tag="040" ind1=" " ind2=" ">
    <subfield code="a">DLC</subfield>
    <subfield code="b">eng</subfield>
    <subfield code="e">rda</subfield>
    <subfield code="c">DLC</subfield>
  </datafield>
  <datafield tag="100" ind1="0" ind2=" ">
    <subfield code="a">Author of Philip and Arthur</subfield>
  </datafield>
  <datafield tag="400" ind1="1" ind2=" ">
    <subfield code="a">Philip and Arthur, Author of</subfield>
  </datafield>
  <datafield tag="670" ind1=" " ind2=" ">
    <subfield code="a">Ash Wednesday in the nursery, 1860:</subfield>
    <subfield code="b">title page (Author of Philip and Arthur)</subfield>
  </datafield>
</record>