
<record>
  <leader>00737cz  a2200157n  4500</leader>
  <controlfield tag="001">11258583</controlfield>
  <controlfield tag="003">DLC</controlfield>
  <controlfield tag="005">20200104164751.0</controlfield>
  <controlfield tag="008">200104n| azannaabn          |n ana      </controlfield>
  <datafield tag="010" ind1=" " ind2=" ">
    <subfield code="a">n 2020000414</subfield>
  </datafield>
  <datafield tag="040" ind1=" " ind2=" ">
    <subfield code="a">DLC</subfield>
    <subfield code="b">eng</subfield>
    <subfield code="e">rda</subfield>
    <subfield code="c">DLC</subfield>
  </datafield>
  <datafield tag="046" ind1=" " ind2=" ">
    <subfield code="s">2017</subfield>
  </datafield>
  <datafield tag="111" ind1="2" ind2=" ">
    <subfield code="a">Kruglyĭ stol &quot;Okti︠a︡brʹskai︠a︡ revoli︠u︡t︠s︡ii︠a︡ i ėvoli︠u︡t︠s︡ionnyĭ putʹ Kazakhstana&quot;</subfield>
    <subfield code="d">(2017 :</subfield>
    <subfield code="c">Almaty, Kazakhstan)</subfield>
  </datafield>
  <datafield tag="411" ind1="2" ind2=" ">
    <subfield code="a">Okti︠a︡brʹskai︠a︡ revoli︠u︡t︠s︡ii︠a︡ i ėvoli︠u︡t︠s︡ionnyĭ putʹ Kazakhstana (Kruglyĭ stol)</subfield>
    <subfield code="d">(2017 :</subfield>
    <subfield code="c">Almaty, Kazakhstan)</subfield>
  </datafield>
  <datafield tag="370" ind1=" " ind2=" ">
    <subfield code="c">Kazakhstan</subfield>
    <subfield code="2">naf</subfield>
  </datafield>
  <datafield tag="670" ind1=" " ind2=" ">
    <subfield code="a">Okti︠a︡brʹskai︠a︡ revoli︠u︡t︠s︡ii︠a︡ i ėvoli︠u︡t︠s︡ionnyĭ putʹ Kazakhstana, 2017</subfield>
  </datafield>
</record>