
<record>
  <leader>00610cz  a2200193n  4500</leader>
  <controlfield tag="001">11258584</controlfield>
  <controlfield tag="003">DLC</controlfield>
  <controlfield tag="005">20200104170620.0</controlfield>
  <controlfield tag="008">200104n| azannaabn          |a aaa      </controlfield>
  <datafield tag="010" ind1=" " ind2=" ">
    <subfield code="a">n 2020000416</subfield>
  </datafield>
  <datafield tag="040" ind1=" " ind2=" ">
    <subfield code="a">DLC</subfield>
    <subfield code="b">eng</subfield>
    <subfield code="e">rda</subfield>
    <subfield code="c">DLC</subfield>
  </datafield>
  <datafield tag="046" ind1=" " ind2=" ">
    <subfield code="f">1943-04-22</subfield>
    <subfield code="2">edtf</subfield>
  </datafield>
  <datafield tag="370" ind1=" " ind2=" ">
    <subfield code="c">Kazakhstan</subfield>
    <subfield code="2">naf</subfield>
  </datafield>
  <datafield tag="374" ind1=" " ind2=" ">
    <subfield code="a">Skiers</subfield>
    <subfield code="a">Journalists</subfield>
    <subfield code="2">lcsh</subfield>
  </datafield>
  <datafield tag="375" ind1=" " ind2=" ">
    <subfield code="a">male</subfield>
  </datafield>
  <datafield tag="377" ind1=" " ind2=" ">
    <subfield code="a">kaz</subfield>
    <subfield code="a">rus</subfield>
  </datafield>
  <datafield tag="100" ind1="1" ind2=" ">
    <subfield code="a">Amanzholov, U. S.</subfield>
    <subfield code="q">(Ural Sarsenovich),</subfield>
    <subfield code="d">1943-</subfield>
  </datafield>
  <datafield tag="400" ind1="1" ind2=" ">
    <subfield code="a">Amanzholov, Ural Sarsenovich,</subfield>
    <subfield code="d">1943-</subfield>
  </datafield>
  <datafield tag="670" ind1=" " ind2=" ">
    <subfield code="a">Gornye lyzhi, 2019:</subfield>
    <subfield code="b">title page verso (veteran of downhill ski racing, journalist) page 4 ( was born April 22, 1943)</subfield>
  </datafield>
</record>