
<record>
  <leader>01195cz  a2200181n  4500</leader>
  <controlfield tag="001">11258585</controlfield>
  <controlfield tag="003">DLC</controlfield>
  <controlfield tag="005">20200104173127.0</controlfield>
  <controlfield tag="008">200104n| azannaabn          |a ana      </controlfield>
  <datafield tag="010" ind1=" " ind2=" ">
    <subfield code="a">n 2020000419</subfield>
  </datafield>
  <datafield tag="040" ind1=" " ind2=" ">
    <subfield code="a">DLC</subfield>
    <subfield code="b">eng</subfield>
    <subfield code="e">rda</subfield>
    <subfield code="c">DLC</subfield>
  </datafield>
  <datafield tag="111" ind1="2" ind2=" ">
    <subfield code="a">Mezhdunarodnai︠a︡ nauchnai︠a︡ konferent︠s︡ii︠a︡ &quot;Pozhilye li︠u︡di na evraziĭskom prostranstve&quot;</subfield>
    <subfield code="d">(2018 :</subfield>
    <subfield code="c">Alma-Ata, Kazakhstan)</subfield>
  </datafield>
  <datafield tag="370" ind1=" " ind2=" ">
    <subfield code="c">Kazakhstan</subfield>
    <subfield code="2">naf</subfield>
  </datafield>
  <datafield tag="411" ind1="2" ind2=" ">
    <subfield code="a">Междyнародная научная конференция &quot;Пожилые люди на евразийском пространстве&quot;</subfield>
    <subfield code="d">(2018 :</subfield>
    <subfield code="c">Alma-Ata, Kazakhstan)</subfield>
  </datafield>
  <datafield tag="411" ind1="2" ind2=" ">
    <subfield code="a">Konferent︠s︡ii︠a︡ &quot;Pozhilye li︠u︡di na evraziĭskom prostranstve&quot;, Mezhdunarodnai︠a︡ nauchnai︠a︡</subfield>
  </datafield>
  <datafield tag="411" ind1="2" ind2=" ">
    <subfield code="a">Kонференция &quot;Пожилые люди на евразийском пространстве&quot;, Междyнародная научная</subfield>
    <subfield code="d">(2018 :</subfield>
    <subfield code="c">Alma-Ata, Kazakhstan)</subfield>
  </datafield>
  <datafield tag="667" ind1=" " ind2=" ">
    <subfield code="a">Non-Latin script references not evaluated.</subfield>
  </datafield>
  <datafield tag="670" ind1=" " ind2=" ">
    <subfield code="a">Pozhilye li︠u︡di na evraziĭskom prostranstve :</subfield>
    <subfield code="b">interesy, problemy i perspektivy. Sbornik materialov mezhdunarodnoĭ nuchnoĭ konferent︠s︡ii Almaty, 16 okti︠a︡bri︠a︡ 2018 g.</subfield>
  </datafield>
</record>