
<record>
  <leader>01087cz  a2200181n  4500</leader>
  <controlfield tag="001">11258586</controlfield>
  <controlfield tag="003">DLC</controlfield>
  <controlfield tag="005">20200104173854.0</controlfield>
  <controlfield tag="008">200104n| azannaabn          |a ana      </controlfield>
  <datafield tag="010" ind1=" " ind2=" ">
    <subfield code="a">n 2020000421</subfield>
  </datafield>
  <datafield tag="040" ind1=" " ind2=" ">
    <subfield code="a">DLC</subfield>
    <subfield code="b">eng</subfield>
    <subfield code="e">rda</subfield>
    <subfield code="c">DLC</subfield>
  </datafield>
  <datafield tag="046" ind1=" " ind2=" ">
    <subfield code="s">2019</subfield>
    <subfield code="2">edtf</subfield>
  </datafield>
  <datafield tag="111" ind1="2" ind2=" ">
    <subfield code="a">Mezhdunarodnai︠a︡ nauchno-prakticheskai︠a︡ konferent︠s︡ii︠a︡ &quot;Profilaktika ėkstremizma: Uspekhi i trudnosti&quot;</subfield>
    <subfield code="d">(2019 :</subfield>
    <subfield code="c">Nur-Sultan, Kazakhstan)</subfield>
  </datafield>
  <datafield tag="370" ind1=" " ind2=" ">
    <subfield code="c">Kazakhstan</subfield>
    <subfield code="2">naf</subfield>
  </datafield>
  <datafield tag="411" ind1="2" ind2=" ">
    <subfield code="a">Международная научно-практическая конференция &quot;Профилактика экстремизма: Успехи и трудности&quot;</subfield>
    <subfield code="d">(2019 :</subfield>
    <subfield code="c">Nur-Sultan, Kazakhstan)</subfield>
  </datafield>
  <datafield tag="411" ind1="2" ind2=" ">
    <subfield code="a">Konferent︠s︡ii︠a︡ &quot;Profilaktika ėkstremizma: Uspekhi i trudnosti&quot;, Mezhdunarodnai︠a︡ nauchno-prakticheskai︠a︡</subfield>
  </datafield>
  <datafield tag="411" ind1="2" ind2=" ">
    <subfield code="a">Kонференция &quot;Профилактика экстремизма: Успехи и трудности&quot; , Международная научно-практическая</subfield>
    <subfield code="d">(2019 :</subfield>
    <subfield code="c">Nur-Sultan, Kazakhstan)</subfield>
  </datafield>
  <datafield tag="670" ind1=" " ind2=" ">
    <subfield code="a">Profilaktika ėkstremizma, 2019</subfield>
  </datafield>
</record>