
<record>
  <leader>00406cz  a2200133n  4500</leader>
  <controlfield tag="001">11258587</controlfield>
  <controlfield tag="003">DLC</controlfield>
  <controlfield tag="005">20200104184531.0</controlfield>
  <controlfield tag="008">200104n| azannaabn          |n aaa      </controlfield>
  <datafield tag="010" ind1=" " ind2=" ">
    <subfield code="a">n 2020000422</subfield>
    <subfield code="z">no 99000061 </subfield>
  </datafield>
  <datafield tag="040" ind1=" " ind2=" ">
    <subfield code="a">DLC</subfield>
    <subfield code="b">eng</subfield>
    <subfield code="e">rda</subfield>
    <subfield code="c">DLC</subfield>
  </datafield>
  <datafield tag="100" ind1="1" ind2=" ">
    <subfield code="a">Mander, Tony</subfield>
  </datafield>
  <datafield tag="667" ind1=" " ind2=" ">
    <subfield code="a">Previously on undifferentiated name record: no 99000061</subfield>
  </datafield>
  <datafield tag="670" ind1=" " ind2=" ">
    <subfield code="a">Have you seen Drum recently, 1995:</subfield>
    <subfield code="b">credits (Tony Mander, camera)</subfield>
  </datafield>
</record>
</collection>
